@misc{visix,
  title = {{Visualization and Graphics (VISIX)}},
  author = {Name Surname},
  howpublished = {\url{https://www.uni-muenster.de/VISIX/}},
  note = {Accessed: 2022-05-13}
}

@inproceedings {Rave21,
booktitle = {Vision, Modeling, and Visualization},
editor = {Andres, Bjoern and Campen, Marcel and Sedlmair, Michael},
title = {{Axes Bundling and Brushing in Star Coordinates}},
author = {Rave, Hennes and Molchanov, Vladimir and Linsen, Lars},
year = {2021},
publisher = {The Eurographics Association},
ISBN = {978-3-03868-161-8},
DOI = {10.2312/vmv.20211365}
}

@ARTICLE{Molchanov19,
  author={Molchanov, Vladimir and Linsen, Lars},
  journal={IEEE Transactions on Visualization and Computer Graphics}, 
  title={{Shape-preserving Star Coordinates}}, 
  year={2019},
  volume={25},
  number={1},
  pages={449-458},
  doi={10.1109/TVCG.2018.2865118}}